% =================================================================
% Versuchsanleitungen
@Manual{v053,
  title = {Experimente mit Mikrowellen 1},
  url = {http://129.217.224.2/HOMEPAGE/PHYSIKER/BACHELOR/FP/SKRIPT/AnlMikrowelle.pdf},
  urldate = {2014-04-28}
}

@Manual{v061,
  author = {Bärbel Siegmann},
  title = {Versuch V61: Der HeNe-Laser},
  url = {http://129.217.224.2/HOMEPAGE/PHYSIKER/BACHELOR/FP/SKRIPT/V61.pdf},
  urldate = {2014-03-02}
}

@Manual{v064-anleit,
  title = {Measuring indices of refraction},
  url = {http://129.217.224.2/HOMEPAGE/PHYSIKER/BACHELOR/FP/SKRIPT/Interferometrie.pdf},
  urldate = {2014-02-25}
}

@Manual{v064-aufg,
  title = {V64 Interferometrie -- Hinweise},
  url = {http://129.217.224.2/HOMEPAGE/PHYSIKER/BACHELOR/FP/SKRIPT/V64Aufgaben.pdf},
  urldate = {2014-02-25}
}

@Manual{v601,
  title = {Anleitung zum Versuch 601. Der Franck-Hertz-Versuch},
  url = {http://129.217.224.2/HOMEPAGE/PHYSIKER/BACHELOR/AP/SKRIPT/V601.pdf},
  urldate = {2012-11-10}
}

@Manual{v701,
  title = {Anleitung zum Versuch 601. Reichweite von Alpha-Strahlen},
  url = {http://129.217.224.2/HOMEPAGE/PHYSIKER/BACHELOR/AP/SKRIPT/Alpha.pdf},
  urldate = {2012-11-20}
}

@Manual{v103,
  title = {Anleitung zum Versuch 103. Biegung elastischer Stäbe},
  url = {http://129.217.224.2/HOMEPAGE/PHYSIKER/BACHELOR/AP/SKRIPT/V103.pdf},
  urldate = {2012-11-27}
}

@Manual{v204,
  title = {V204: Wärmeleitung von Metallen},
  url = {http://129.217.224.2/HOMEPAGE/PHYSIKER/BACHELOR/AP/SKRIPT/Waermeleitf.pdf},
  urldate = {2012-11-28}
}

@Manual{v303,
  title = {Versuch 303: Der Lock-In-Verstärker},
  url = {http://129.217.224.2/HOMEPAGE/PHYSIKER/BACHELOR/AP/SKRIPT/LockIn.pdf},
  urldate = {2012-12-05},
}

@Manual{v353,
  title = {Anleitung zum Versuch 353: Das Relaxationsverhalten eines
                  RC-Kreises}, 
  url = {http://129.217.224.2/HOMEPAGE/PHYSIKER/BACHELOR/AP/SKRIPT/V353.pdf},
  urldate = {2012-12-08}
}

@Manual{v406,
  title = {Versuch Nr. 406. Beugung am Spalt}, 
  url = {http://129.217.224.2/HOMEPAGE/PHYSIKER/BACHELOR/AP/SKRIPT/V406.pdf},
  urldate = {2012-12-10}
}

@Manual{v501,
  title = {Versuch Nr. 501. Ablenkung eines Elektronenstrahls im elektrischen
	  Feld}, 
  url = {http://129.217.224.2/HOMEPAGE/PHYSIKER/BACHELOR/AP/SKRIPT/V501.pdf},
  urldate = {2013-01-06}
}

@Manual{v502,
  title = {Versuch Nr. 502. Ablenkung eines Elektronenstrahls im transversalen
	  Magnetfeld}, 
  url = {http://129.217.224.2/HOMEPAGE/PHYSIKER/BACHELOR/AP/SKRIPT/V502.pdf},
  urldate = {2013-01-06}
}

@Manual{v602,
  title = {V602: Röntgenemission und -absorption},
  author = {Bärbel Siegmann},
  year = 2013,
  month = 01,
  day = 14
}

@Manual{v702,
  title = {Versuch Nr. 702. Aktivierung mit Neutronen}, 
  url = {http://129.217.224.2/HOMEPAGE/PHYSIKER/BACHELOR/AP/SKRIPT/V702.pdf},
  urldate = {2013-01-27}
}

@Manual{v107,
  title = {V107: Das Kugelfall-Viskosimeter nach Höppler},
  author = {Bärbel Siegmann},
  url = {http://129.217.224.2/HOMEPAGE/PHYSIKER/BACHELOR/AP/SKRIPT/Viskositaet.pdf},
  urldate = {2013-04-07}
}

@Manual{v207,
  title = {V207: Das Stefan-Boltzmann Gesetz},
  author = {Bärbel Siegmann},
  url = {http://129.217.224.2/HOMEPAGE/PHYSIKER/BACHELOR/AP/SKRIPT/Leslie.pdf},
  urldate = {2013-04-21}
}

@Manual{v302,
  title = {Versuch Nr. 302. Elektrische Brückenschaltungen},
  url = {http://129.217.224.2/HOMEPAGE/PHYSIKER/BACHELOR/AP/SKRIPT/V302.pdf},
  urldate = {2013-04-28}
}

@Manual{v354,
  title = {Versuch Nr. 354. Gedämpfte und erzwungene Schwingungen},
  url = {http://129.217.224.2/HOMEPAGE/PHYSIKER/BACHELOR/AP/SKRIPT/V354.pdf},
  urldate = {2013-05-08}
}

@Manual{v408,
  title = {Versuch Nr. 408. Geometrische Optik},
  url = {http://129.217.224.2/HOMEPAGE/PHYSIKER/BACHELOR/AP/SKRIPT/V408.pdf},
  urldate = {2013-05-19}
}

@Manual{v504,
  title = {Versuch Nr. 504. Thermische Elektronenemission},
  url = {http://129.217.224.2/HOMEPAGE/PHYSIKER/BACHELOR/AP/SKRIPT/V504.pdf},
  urldate = {2013-05-26}
}

@Manual{v606,
  title = {Versuch Nr. 606. Messung der Suszeptibilität paramagnetischer Substanzen},
  url = {http://129.217.224.2/HOMEPAGE/PHYSIKER/BACHELOR/AP/SKRIPT/V606.pdf},
  urldate = {2013-06-09}
}

@Manual{v703,
  title = {Versuch Nr. 703. Das Geiger-Müller-Zählrohr},
  url = {http://129.217.224.2/HOMEPAGE/PHYSIKER/BACHELOR/AP/SKRIPT/V703.pdf},
  urldate = {2013-06-17}
}

@Manual{v101,
  title = {Versuch Nr. 101. Das Trägheitsmoment},
  url = {http://129.217.224.2/HOMEPAGE/PHYSIKER/BACHELOR/AP/SKRIPT/Traegheit.pdf},
  urldate = {2013-06-24}
}

@Manual{v201,
  title = {Versuch Nr. 201. Das Dulong-Petitsche Gesetz},
  url = {http://129.217.224.2/HOMEPAGE/PHYSIKER/BACHELOR/AP/SKRIPT/V201.pdf},
  urldate = {2013-07-01}
}

@Manual{v301,
  title = {Versuch Nr. 301. Leerlaufspannung und Innenwiderstand von Spanungsquellen},
  url = {http://129.217.224.2/HOMEPAGE/PHYSIKER/BACHELOR/AP/SKRIPT/V301.pdf},
  urldate = {2013-07-10}
}

@Manual{v052,
  title = {Versuch Nr. 52. Signale auf Leitungen},
  url = {http://129.217.224.2/HOMEPAGE/PHYSIKER/BACHELOR/FP/SKRIPT/Signale_E2.pdf},
  urldate = {2014-04-10}
}

@Manual{v046,
  title = {Versuch Nr. 46. Faraday-Effekt an Halbleitern},
  url = {http://129.217.224.2/HOMEPAGE/PHYSIKER/BACHELOR/FP/SKRIPT/V46.pdf},
  urldate = {2014-04-27}
}

% Ende der Versuchsanleitungen
% =================================================================

@Online{nist,
  author =  {A. Kramida and Yu. Ralchenko and J. Reader and NIST ASD Team},
  title = {NIST Atomic Spectra Database (ver. 5.0) [Online]},
  url = {http://physics.nist.gov/asd},
  publisher = {National Institute of Standards and Technology},
  location = {Gaithersburg, MD.},
  urldate = {2012-11-14},
  year = 2011
}

@Online{codata:rydhcev,
  url = {http://physics.nist.gov/cgi-bin/cuu/Value?rydhcev},
  editor = {CODATA},
  title = {The NIST Reference on constants, units, and uncertainty},
  urldate = {2012-01-30}
}

@Online{uni-kiel:phononen,
  author = {H. Föll},
  title = {Phononen},
  url = {http://www.tf.uni-kiel.de/matwis/amat/mw2_ge/kap_2/advanced/t2_1_1.html},
  urldate = {2012-12-05}
}

@Online{esrf-abschirm,
  url = {http://www.esrf.eu/UsersAndScience/Experiments/StructMaterials/ID11/ID11UserGuide/ID11Edges},
  urldate = {2012-01-17}
}

@Online{kabel-kusch,
  author =  {Katja Kusch},
  url = {http://www.kabel-kusch.de/Koaxkabel/PTFE-Koax/rg_179.htm},
  location = {Wambel, Dortmund},
  urldate = {2014-04-10},
  year = 2014
}

@Online{faberkabel,
  author =  {Klaus Faber},
  url = {http://www.faberkabel.de/upload/datenblaetter/Datenblaetter/DE/DBL_RG58.PDF},
  location = {Saarbrücken},
  urldate = {2014-04-10},
  year = 2014
}

@Online{nistlaser,
  title = {Laser Power and Energy Calibrations},
  url = {http://www.nist.gov/pml/div686/calibrations/laser.cfm},
  publisher = {National Institute of Standards and Technology},
  location = {Gaithersburg, MD.},
  urldate = {2014-04-21},
  year = 2012
}
% =================================================================
% Wikipedia Artikel

@STRING {
  de-wiki = "Deutsche Wikipedia",
  en-wiki = "Englische Wikipedia"
}

@Online{wikipedia:waermeleitfaehigkeit,
  editor = {Wikipedia},
  title = {Wärmeleitfähigkeit},
  year = {2012},
  url = {http://de.wikipedia.org/wiki/W%C3%A4rmeleitf%C3%A4higkeit},
  organization = {Wikimedia Foundation Inc.},
  urldate = {2012-12-06}
}

@Online{wikipedia:ernst-abbe,
  editor = de-wiki,
  title = {Ernst Abbe},
  year = {2013},
  url = {http://de.wikipedia.org/wiki/Ernst_Abbe},
  organization = {Wikimedia Foundation Inc.},
  urldate = {2013-05-20}
}

@Online{wikipedia:friedrich-hund,
  editor = de-wiki,
  title  = {Friedrich Hund},
  year   = {2013},
  url    = {https://de.wikipedia.org/wiki/Friedrich_Hund},
  organization = {Wikimedia Foundation Inc.},
  urldate = {2013-06-12}
}

@Online{wikipedia:friedrich-bessel,
  editor = de-wiki,
  title = {Friedrich Wilhelm Bessel},
  year = {2013},
  url = {http://de.wikipedia.org/wiki/Friedrich_Wilhelm_Bessel},
  organization = {Wikimedia Foundation Inc.},
  urldate = {2013-05-20}
}

@Online{wikipedia:jakob-steiner,
  editor = de-wiki,
  title = {Jakob Steiner},
  year = {2013},
  url = {https://de.wikipedia.org/wiki/Jakob_Steiner},
  organization = {Wikimedia Foundation Inc.},
  urldate = {2013-06-25}
}

@Online{wikipedia:laser,
  editor = de-wiki,
  title = {HeNe-Laser},
  year = {2014},
  url = {https://de.wikipedia.org/wiki/HeNe-Laser},
  organization = {Wikimedia Foundation Inc.},
  urldate = {2014-24-04}
}

@Online{wikipedia:brewster_angle,
  editor = en-wiki,
  title = {Brewster's angle},
  year = {2014},
  url = {http://en.wikipedia.org/wiki/Brewster%27s_angle},
  organization = {Wikimedia Foundation Inc.},
  urldate = {2014-24-04}
}
% Ende der Wikipedia Artikel
% =================================================================

@Online{schweizer-fn:waermeleitfaehigkeiten,
  title = {Stoffdaten -- Wärmeleitfähigkeit Metall},
  editor = {Anton Schweizer},
  url = {http://www.schweizer-fn.de/stoff/wleit_metall/v2_wleit_metall.htm},
  date = {2012-11-07},
  urldate = {2012-12-06}
}

@Online{peter-brehm,
  title = {Stoffdaten -- Elastizitätsmodul Metall},
  editor = {Peter Brehm},
  url = {http://www.peter-brehm.de/219.0.html},
  urldate = {2012-12-12}
}

@Online{chemglobe,
  title = {ChemGlobe -- Isotpe Indium},
  editor = {Paul Kremer},
  url = {http://www.chemglobe.org/ptoe/_/49t_de.php},
  urldate = {2013-01-27}
}

@Online{periodensystem,
  title = {Periodensystem-online},
  editor = {René Rausch},
  url = {http://www.periodensystem-online.de/index.php?id=isotope&el=45&mz=104&show=nuklid},
  urldate = {2013-01-27}
}

@Online{wissenschaft-technik-ethik,
  title = {wissenschaft-technik-ethik},
  editor = {Dr.-Ing. Heiner Grimm},
  url = {http://www.wissenschaft-technik-ethik.de/wasser_dichte.html},
  urldate = {2013-04-16}
}

@Online{filmetrics,
  title = {Refractive Index of GaAs},
  url = {http://www.filmetrics.com/refractive-index-database/GaAs/Gallium-Arsenide},
  urldate = {2014-05-02}
}

@Online{ecee-colorado,
  title = {Effective mass and energy band minima and maxima of Ge, Si and GaAs},
  url = {http://ecee.colorado.edu/~bart/book/effmass.htm#long},
  urldate = {2014-05-03}
}

@Reference{bronstein,
  editor = {I. N. Bronstein and K. A. Semendjajew and G. Musiol and
                  H. Mühlig},
  title = {Taschenbuch der Mathematik},
  year =  {2008},
  edition = {7},
  publisher = {Wissenschaftlicher Verlag Harri Deutsch},
  location =  {Frankfurt am Main}
}

@Book{demtroeder-1,
  author = {Wolfgang Demtröder},
  title = {Experimentalphysik 1},
  year =  {2008},
  edition = {5},
  publisher = {Springer Verlag Berlin Heidelberg},
  location =  {Leipzig}
}

@Book{demtroeder-2,
  author = {Wolfgang Demtröder},
  title = {Experimentalphysik 2},
  year =  {2006},
  edition = {4},
  publisher = {Springer Verlag},
  location =  {Berlin and Heidelberg and New York}
}

@inreference{crc-handbook,
  editor = {David R. Lide},
  booktitle =  {CRC Handbook of Chemistry and Physics},
  title = {Index of Refraction of Gases},
  edition = {90},
  publisher = {CRC Press/Taylor and Francis},
  location = {Boca Raton, FL},
  pages = {10--254}
}
