@manual{Anleitung,
  author = {TU Dortmund},
  title = {Anleitung zum Versuch V48 Dipolrelaxation in Ionenkristallen},
  year = 2018
}
