@manual{sample,
  author = {TU Dortmund},
  title = {Anleitung zum Versuch V47 Temperaturabhaengigkeit der Molwaerme von Festkoerpern},
  year = 2018
}
