@manual{Anleitung,
  author = {TU Dortmund},
  title = {Anleitung zum Versuch V16 Rutherford Streuexperiment},
  year = 2018
}


@misc{omega,
   year = "2018",
   url = {https://www.ikp.uni-koeln.de/students/praktMP3/files/Anleitung_M3.3_Rutherford_de.pdf},
title={Differentieller Wirkungsquerschnitt},
   note = "[Online; Stand 12. Juni 2018]"
 }
