@manual{Anleitung,
  author = {TU Dortmund},
  title = {Anleitung zum Versuch V64 Moderne Interferometrie},
  year = 2018
}

@misc{glas,
   author = "Wikipedia",
   title = "Optisches Glas --- Wikipedia{,} Die freie Enzyklopädie",
   year = "2017",
   url = "https://de.wikipedia.org/w/index.php?title=Optisches_Glas&oldid=172019138",
   note = "[Online; Stand 30. Mai 2018]"
 }

@misc{ luft,
   author = "Wikipedia",
   title = "Brechungsindex --- Wikipedia{,} Die freie Enzyklopädie",
   year = "2018",
   url = "https://de.wikipedia.org/w/index.php?title=Brechungsindex&oldid=177673478",
   note = "[Online; Stand 30. Mai 2018]"
 }